<record><leader>00000cas a22000007a 4500</leader><controlfield tag="001">13540196</controlfield><controlfield tag="008">860507d18791893pauwr ne      0    0eng d</controlfield><datafield ind1=" " ind2=" " tag="010"><subfield code="a">sn 86081355 </subfield></datafield><datafield ind1=" " ind2=" " tag="040"><subfield code="a">NPH</subfield><subfield code="b">eng</subfield><subfield code="c">NPH</subfield><subfield code="d">OCLCQ</subfield></datafield><datafield ind1=" " ind2=" " tag="042"><subfield code="a">msc</subfield></datafield><datafield ind1="0" ind2=" " tag="130"><subfield code="a">Republican standard (Uniontown, Pa.)</subfield></datafield><datafield ind1="1" ind2="4" tag="245"><subfield code="a">The Republican standard.</subfield></datafield><datafield ind1=" " ind2=" " tag="260"><subfield code="a">Uniontown, Fayette County, Pa. :</subfield><subfield code="b">Miller, Rush &amp; Ritenour,</subfield><subfield code="c">1879-1893.</subfield></datafield><datafield ind1=" " ind2=" " tag="300"><subfield code="a">14 v. ;</subfield><subfield code="c">70 cm.</subfield></datafield><datafield ind1=" " ind2=" " tag="310"><subfield code="a">Weekly</subfield></datafield><datafield ind1="0" ind2=" " tag="362"><subfield code="a">Vol. 53, no. 1 (Mar. 27, 1879)-v. 67, no. 33 (Oct. 26, 1893).</subfield></datafield><datafield ind1=" " ind2=" " tag="500"><subfield code="a">Publishers: McKnight, Rush &amp; Ritenour, &lt;Feb. 10, 1881&gt;; J.K. Ewing, Jr. &amp; O.J. Sturgis, &lt;June 14, 1883&gt;.</subfield></datafield><datafield ind1=" " ind2=" " tag="752"><subfield code="a">United States</subfield><subfield code="b">Pennsylvania</subfield><subfield code="c">Fayette</subfield><subfield code="d">Uniontown.</subfield></datafield><datafield ind1="0" ind2=" " tag="775"><subfield code="t">Evening standard (Uniontown, Pa. : 1888)</subfield></datafield><datafield ind1="0" ind2="4" tag="780"><subfield code="t">American standard (Uniontown, Pa.)</subfield><subfield code="w">(DLC)sn 84026511</subfield></datafield><datafield ind1="0" ind2="4" tag="780"><subfield code="t">Fayette County Republican</subfield><subfield code="w">(DLC)sn 86081354</subfield></datafield><datafield ind1="0" ind2="7" tag="785"><subfield code="t">Uniontown news (Uniontown, Pa.)</subfield><subfield code="w">(DLC)sn 89077909</subfield></datafield><datafield ind1="0" ind2="7" tag="785"><subfield code="t">News standard (Uniontown, Pa. : Weekly)</subfield><subfield code="w">(DLC)sn 86082066</subfield></datafield></record>